@book{vazirani2002approximation,
  title={Approximation Algorithms},
  author={Vazirani, V.V.},
  isbn={9783540653677},
  year={2002},
  publisher={Springer Berlin Heidelberg}
}

@book{bertsimas1997introduction,
  title={Introduction to Linear Optimization},
  author={Bertsimas, D. and Tsitsiklis, J.N.},
  isbn={9781886529199},
  series={Athena Scientific series in optimization and neural computation},
  year={1997},
  publisher={Athena Scientific}
}

@book{cormen2009introduction,
  title={Introduction to Algorithms},
  author={Cormen, T.H. and Leiserson, C.E. and Rivest, R.L. and Stein, C.},
  isbn={9780262258104},
  url={https://books.google.com/books?id=F3anBQAAQBAJ},
  year={2009},
  publisher={MIT Press}
}

@book{Hochbaum97,
 editor = {Hochbaum, Dorit S.},
 title = {Approximation Algorithms for NP-hard Problems},
 year = {1997},
 isbn = {0-534-94968-1},
 publisher = {PWS Publishing Co.},
 address = {Boston, MA, USA},
} 

@book{lawler1976,
  title={Combinatorial Optimization: Networks and Matroids},
  author={Lawler, E.L.},
  isbn={9780486414539},
  series={Dover Books on Mathematics Series},
  year={1976},
  publisher={Dover Publications}
}

@Article{Bertsekas1992,
author="Bertsekas, Dimitri P.",
title="Auction algorithms for network flow problems: A tutorial introduction",
journal="Computational Optimization and Applications",
year="1992",
month="Oct",
volume="1",
number="1",
pages="7--66",
issn="1573-2894",
doi="10.1007/BF00247653",
url="https://doi.org/10.1007/BF00247653"
}
